@article{agenor2002globalizationPoor,
  title={Does Globalization Hurt the Poor?},
  author={Agenor, Pierre-Richard},
  journal={Poverty Reduction and Economic Management Division, The World Bank},
  month={10},
  year={2002}
}
@book{held2003globalizationDebate,
  title={The Global Transformations Reader: An Introduction to the Globalization Debate},
  author={Held, David and McGrew, Anthony},
  isbn={0-7456-3134-7},
  url={https://edisciplinas.usp.br/pluginfile.php/4410549/mod_resource/content/0/David%20Held%2C%20Anthony%20McGrew-The%20Global%20Transformations%20Reader_%20An%20Introduction%20to%20the%20Globalization%20Debate-Polity%20%282003%29.pdf},
  year={2003},
  publisher={Polity Press}
}
@book{Held1999globalTransformations,
author = {Held, David and McGrew, Anthony and Goldblatt, David and Perraton, Jonathan},
year = {1999},
month = {04},
title = {Global Transformations: Politics, Economics, and Culture},
volume = {54},
journal = {International Journal},
doi = {10.2307/40203424}
}
@book{krugman2010internationalEconomics,
title = {International Economics: Theory \& Policy},
author = {Krugman, Paul R. and Obstfeld, Maurice and Melitz, Marc J.},
isbn = {978-0-13-214665-4},
publisher = {Pearson},
year = {2010}
}
@online{thompson2023factors,
author = {Karl Thompson},
title = {Factors Contributing to Globalisation},
year = {2023},
url = {https://revisesociology.com/2017/05/24/factors-contributing-to-globalisation/},
addendum = {Accessed 29.08.2024}
}
@online{ourWorldInData2023globalization5centuries,
author = {{Our World in Data}},
url = {https://ourworldindata.org/grapher/globalization-over-5-centuries},
year = {2023},
title = {Globalization over 5 centuries},
addendum = {Accessed 29.08.2024}
}

















@online{2017EUcommissionreport,
    author = {{European Commission}},
    title= {Transport Emissions},
    url= {https://ec.europa.eu/clima/policies/transport_en},
    addendum = "(accessed 20.01.2022)",
    year= {2017}
}
@article{greenblatt2015AVondemandmobility,
  title={Automated vehicles, on-demand mobility, and environmental impacts},
  author={Greenblatt, Jeffery B and Shaheen, Susan},
  journal={Current sustainable/renewable energy reports},
  volume={2},
  number={3},
  pages={74--81},
  year={2015},
  publisher={Springer International Publishing AG}
}
@book{bielli1994artificial,
  title={Artificial Intelligence Applications to Traffic Engineering},
  author={Bielli, M. and Ambrosino, G. and Boero, M.},
  isbn={9789067641715},
  url={https://books.google.cm/books?id=3cEEdaHrykAC},
  year={1994},
  publisher={Taylor \& Francis}
}
@techreport{hunt1981scoot,
  title={SCOOT-a traffic responsive method of coordinating signals},
  author={Hunt, PB and Robertson, DI and Bretherton, RD and Winton, RI},
  year={1981}
}
@inproceedings{mauro1989utopia,
  title={UTOPIA — Urban Traffic Optimization by Integrated Automation},
  author={Mauro, V. and Di Taranto, C},
  booktitle= {Conference on Control, Computers and Communications in Transport},
  publisher={6th IFAC-IFIP-IFORS},
  year={1989}
}
@article{gunay2016modalshiftDARP,
    author = {Gunay, Banihan and Akgol, Kadir and Andréasson, Ingmar and Terzi, Serdal},
    month = {06},
    pages = {75-88},
    title = {Estimation of Modal Shift Potential for a New Form of Dial-A-Ride Service},
    volume = {19},
    journal = {Journal of Public Transportation},
    doi = {10.5038/2375-0901.19.2.5},
    year = {2016}
}
@online{2021whatisadas,
    author = "DEWESoft",
    title = "What is ADAS (Advanced Driver Assistance Systems)?",
    url  = "https://dewesoft.com/daq/what-is-adas",
    addendum = "(accessed: 12.01.2021)",
    year = {2021}
}
@article{crainic2009intelligentFreightTS,
  title={Intelligent Freight Transportation Systems : Assessment and the Contribution of Operations Research},
  author={Teodor Gabriel Crainic and Michel Gendreau and Jean-Yves Potvin},
  journal={Transportation Research Part C-emerging Technologies},
  volume={17},
  pages={541-557},
  year={2009}
}
@article{ahuja2011spIssueOptinScheduledtransnetworks,
    author = {Ahuja, Ravindra and Liebchen, Christian},
    title = {Special Issue of Networks on Optimization in Scheduled Transportation Networks},
    pages = {1-2},
    volume = {57},
    doi = {10.1002/net.20378},
    month = {01},
    year = {2011}
}
@inbook{marinakis2009metaheuristicVRP,
    author = {Marinakis, Yannis},
    title = {Metaheuristic Algorithms for the Vehicle Routing Problem},
    journal = {Encyclopedia of Optimization},
    pages = {2055-2061},
    publisher = {Springer-Verlag},
    doi = {10.1007/978-0-387-74759-0_366},
    year = {2009}
}
@article{lujak2020decentralizingcoordOpenvehfleetsdyntasks,
    author = {Lujak, Marin and Giordani, Stefano and Omicini, Andrea and Ossowski, S.},
    month = {07},
    pages = {1-21},
    title = {Decentralizing Coordination in Open Vehicle Fleets for Scalable and Dynamic Task Allocation},
    volume = {2020},
    journal = {Complexity},
    doi = {10.1155/2020/1047369},
    year = {2020}
}
@phdthesis{Bsaybesthesis2017modelsalgFMavs,
    author = {Bsaybes, Sahar},
    title = {Models and algorithms for fleet management of autonomous vehicles},
    month = {10},
    year = {2017}
}
@INPROCEEDINGS{dandl2017microsimATaximunich,
    title={Microsimulation of an autonomous taxi-system in Munich},
    author={Dandl, Florian and Bracher, Benedikt and Bogenberger, Klaus},  
    booktitle={2017 5th IEEE International Conference on Models and Technologies for Intelligent Transportation Systems (MT-ITS)},
    pages={833-838},
    year={2017}
}
@article {alonsomora2017ondemandhighcapridesharingDyn,
	author = {Alonso-Mora, Javier and Samaranayake, Samitha and Wallar, Alex and Frazzoli, Emilio and Rus, Daniela},
	title = {On-demand high-capacity ride-sharing via dynamic trip-vehicle assignment},
	volume = {114},
	number = {3},
	pages = {462--467},
	publisher = {National Academy of Sciences},
	URL = {https://www.pnas.org/content/114/3/462},
	journal = {Proceedings of the National Academy of Sciences},
	year = {2017}
}
@article{belmonte2008ontologies&agentsBSFM,
    title = {Ontologies and agents for a bus fleet management system},
    author = {M.V. Belmonte and J.L. Pérez-de-la-Cruz and F. Triguero},
    journal = {Expert Systems with Applications},
    volume = {34},
    number = {2},
    pages = {1351-1365},
    issn = {0957-4174},
    doi = {https://doi.org/10.1016/j.eswa.2007.01.003},
    url = {https://www.sciencedirect.com/science/article/pii/S0957417407000139},
    year = {2008}
}
@ARTICLE{dandl2018comparingfutureAEtaxiswFreefloatingcarsharing,
    author={Dandl, Florian and Bogenberger, Klaus},
    journal={IEEE Transactions on Intelligent Transportation Systems},   title={Comparing Future Autonomous Electric Taxis With an Existing Free-Floating Carsharing System},
    volume={20},
    number={6},  
    pages={2037-2047},
    doi={10.1109/TITS.2018.2857208},
    year={2018}
}
@inproceedings{dandl2020NFDbasedroutingFleetsdynSim,
    author={Dandl, Florian and Tilg, Gabriel and Rostami-Shahrbabaki, Majid and Bogenberger, Klaus},
    title={Network Fundamental Diagram Based Routing of Vehicle Fleets in Dynamic Traffic Simulations},
    doi={10.1109/ITSC45102.2020.9294204},
    month={09},
    pages={1-8},
    year={2020}
}
@ARTICLE{zhang2020jointfleetsizingChargingsystemplanningAEV,
    author={Zhang, Hongcai and Sheppard, Colin J. R. and Lipman, Timothy E. and Moura, Scott J.},
    journal={IEEE Transactions on Intelligent Transportation Systems},
    title={Joint Fleet Sizing and Charging System Planning for Autonomous Electric Vehicles},
    volume={21},
    number={11},
    pages={4725-4738},
    doi={10.1109/TITS.2019.2946152},
    year={2020}
}
@INPROCEEDINGS{hoerl2019dynamicdemandestimationAMoDparis,
    author={Hörl, Sebastian and Balac, Milos and Axhausen, Kay W.},
    booktitle={2019 IEEE Intelligent Vehicles Symposium (IV)},
    title={Dynamic demand estimation for an AMoD system in Paris},
    pages={260-266},
    doi={10.1109/IVS.2019.8814051},
    year={2019}
}
@online{2022HafenCityeurCity21stcentury,
    author = {{HafenCity Hamburg GmbH}},
    title = "A European city for the 21st Century",
    url  = "https://www.hafencity.com/en/urban-development/urban-planning",
    addendum = "(accessed: 14.02.2022)",
    year = {2022}
}
@online{2022BevölkerungHamburg,
    author = "Statistikamt Nord",
    title = "Bevölkerung in Hamburg am 31.12.2020",
    url  = "https://www.statistik-nord.de/fileadmin/Dokumente/Statistische_Berichte/bevoelkerung/A_I_S_1_j_H/A_I_S1_j20.pdf",
    addendum = "(accessed: 01.02.2022)",
    year = {2022}
}
@online{2022HafenCityosm,
    author = {OpenStreetMap},
    title = {HafenCity, Hamburg},
    url = {https://www.openstreetmap.org/export#map=15/53.5402/10.0044},
    addendum = "(accessed: 01.02.2022)",
    year = {2022}
}
@online{2022ElbphilharmonieHalls,
    author = {{Elbphilharmonie Hamburg}},
    title = {The Halls},
    url  = {https://www.elbphilharmonie.de/en/the-halls#elbphilharmonie},
    addendum = "(accessed: 03.02.2022)",
    year = {2022}
}
@online{2022hamburgHEAT,
    author = {{Hamburg - City of Mobility}},
    title = {HEAT: Hamburg Electric Autonomous Transportation},
    url  = {hamburg.com/mobility/its/12778724/heat/},
    addendum = "(accessed: 07.02.2022)",
    year = {2022}
}
@online{hochbahn2021theheatproject,
    author= {{Hamburger Hochbahn AG}},
    title= {The HEAT Project},
    url= {https://www.hochbahn.de/en/projects/the-heat-project},
    addendum= "(accessed: 08.02.2022)",
    year= {2021}
}